% Gerador de costas do fernando
@techreport{bevilacqua2009ferramenta,
  title={Ferramenta para Geração em Tempo Real de Bordas de Mapas Virtuais Pseudo-infinitos para Jogos 3D},
  author={Bevilacqua, Fernando},
  school={Universidade de Santa Maria, Brazil},
  institution={Universidade de Santa Maria, Brazil},
  year=2009,
  month=07
}


% Gerador de costas do fernando
@misc{Carrier2018farcry5,
    title={FarCry 5 Procedural World Generation},
    author={Carrier, Etienne},
    year={2018}
}

%Trabalho da Gabrielle
@TECHREPORT{gabrielle2016canion,
  author = {Gabrielle Almeida de Souza},
  title = {Algoritmo de Geração Procedural de Cânions Baseado em Ruído de Perlin},
  institution = {Curso de Ciência da Computação. Universidade Federal da Fronteira Sul},
  address = {Chapecó},
  year = {2016}
}